<?xml version="1.0"?>
<marc:records xmlns:marc="http://www.loc.gov/MARC21/slim" xmlns:xsi="http://www.w3.org/2001/XMLSchema-instance" xsi:schemaLocation="http://www.loc.gov/MARC21/slim http://www.loc.gov/standards/marcxml/schema/MARC21slim.xsd">
  <marc:record>
    <marc:leader>05231ctm a2200697Ia 4500</marc:leader>
    <marc:controlfield tag="001">9950289983503681</marc:controlfield>
    <marc:controlfield tag="005">20211011114818.0</marc:controlfield>
    <marc:controlfield tag="008">110816s1540    enk           000 0 enm d</marc:controlfield>
    <marc:datafield ind1=" " ind2=" " tag="035">
  <marc:subfield code="a">(OCoLC)ocn746947629</marc:subfield>
</marc:datafield>
    <marc:datafield ind1=" " ind2=" " tag="035">
  <marc:subfield code="a">(OCoLC)746947629</marc:subfield>
</marc:datafield>
    <marc:datafield ind1=" " ind2=" " tag="035">
  <marc:subfield code="a">(PU)5028998-penndb-Voyager</marc:subfield>
</marc:datafield>
    <marc:datafield ind1=" " ind2=" " tag="040">
  <marc:subfield code="a">PU</marc:subfield>
  <marc:subfield code="b">eng</marc:subfield>
  <marc:subfield code="e">amremm</marc:subfield>
  <marc:subfield code="c">PAULM</marc:subfield>
  <marc:subfield code="d">OCLCG</marc:subfield>
  <marc:subfield code="d">PAULM</marc:subfield>
</marc:datafield>
    <marc:datafield ind1="1" ind2=" " tag="041">
  <marc:subfield code="a">enm</marc:subfield>
  <marc:subfield code="h">lat</marc:subfield>
</marc:datafield>
    <marc:datafield ind1=" " ind2=" " tag="049">
  <marc:subfield code="a">PAUM</marc:subfield>
</marc:datafield>
    <marc:datafield ind1=" " ind2=" " tag="079">
  <marc:subfield code="a">ocn122545131</marc:subfield>
</marc:datafield>
    <marc:datafield ind1=" " ind2="9" tag="099">
  <marc:subfield code="a">LJS 188</marc:subfield>
</marc:datafield>
    <marc:datafield ind1="1" ind2=" " tag="100">
  <marc:subfield code="a">Scho&#x308;ner, Johann,</marc:subfield>
  <marc:subfield code="d">1477-1547.</marc:subfield>
</marc:datafield>
    <marc:datafield ind1="1" ind2="0" tag="245">
  <marc:subfield code="a">Ynstruction of the ephimeredes</marc:subfield>
  <marc:subfield code="h">[manuscript].</marc:subfield>
</marc:datafield>
    <marc:datafield ind1=" " ind2=" " tag="260">
  <marc:subfield code="a">[England],</marc:subfield>
  <marc:subfield code="c">circa 1540.</marc:subfield>
</marc:datafield>
    <marc:datafield ind1=" " ind2=" " tag="300">
  <marc:subfield code="a">20 leaves :</marc:subfield>
  <marc:subfield code="b">paper ;</marc:subfield>
  <marc:subfield code="c">188 x 142 (146-156 x 107) mm. bound to 196 x 152 mm.</marc:subfield>
</marc:datafield>
    <marc:datafield ind1=" " ind2=" " tag="500">
  <marc:subfield code="a">Ms. codex.</marc:subfield>
</marc:datafield>
    <marc:datafield ind1=" " ind2=" " tag="500">
  <marc:subfield code="a">Title from opening rubric (f. 1r).</marc:subfield>
</marc:datafield>
    <marc:datafield ind1=" " ind2=" " tag="500">
  <marc:subfield code="a">Collation:  Paper, ii (modern) + ii + 20 + i + ii (modern); 1&#xB9;&#xB2; 2&#x2075; 3&#x2074;(-1); [1-20], modern foliation in pencil, upper right recto.</marc:subfield>
</marc:datafield>
    <marc:datafield ind1=" " ind2=" " tag="500">
  <marc:subfield code="a">Layout:  Text pages written in 24-31 long lines; 6 tables are in various arrangements of rows and columns.</marc:subfield>
</marc:datafield>
    <marc:datafield ind1=" " ind2=" " tag="500">
  <marc:subfield code="a">Script:  Written in a secretary script.</marc:subfield>
</marc:datafield>
    <marc:datafield ind1=" " ind2=" " tag="500">
  <marc:subfield code="a">Decoration:  Tables in brown and red ink; 6-line initial on red and silver ground with red flourishes (f. 1r); 3-line initials in red, or on a ground of red or brown penwork, or on red ground, or simply outlined in ink (some spaces for initials left blank with guide letters visible); initials touched with red throughout, some underlining in red; 2 pages frame-ruled in red ink (f. 1v-2r).</marc:subfield>
</marc:datafield>
    <marc:datafield ind1=" " ind2=" " tag="500">
  <marc:subfield code="a">Binding:  Modern calf (after Sotheby's sale in 1983).</marc:subfield>
</marc:datafield>
    <marc:datafield ind1=" " ind2=" " tag="500">
  <marc:subfield code="a">Origin:  Written in England, circa 1540 (f. 17r).</marc:subfield>
</marc:datafield>
    <marc:datafield ind1=" " ind2=" " tag="500">
  <marc:subfield code="a">The first part of Bute MS 13 (f. 1r-46v), including a copy of Chaucer's Treatise on the astrolabe, was purchased after 1988 by Shozo Asahata (Nara, Japan); current location unknown (Kurtz and Voigts).</marc:subfield>
</marc:datafield>
    <marc:datafield ind1="4" ind2=" " tag="510">
  <marc:subfield code="a">Described in Transformation of knowledge:  early manuscripts from the collection of Lawrence J. Schoenberg (London: Paul Holberton, 2006),</marc:subfield>
  <marc:subfield code="c">p. 78-79 (LJS 188).</marc:subfield>
</marc:datafield>
    <marc:datafield ind1=" " ind2=" " tag="520">
  <marc:subfield code="a">Copy of the first of the six texts in Opusculum astrologicum, ex diversorum libris, summa cura pro studiosorum utilitate collectum, in a 16th-century English translation.  Instructions in 22 chapters for the use of the Ephemerides of Regiomontanus, astronomical tables giving the positions of planets, the sun, and the moon.  Includes tables for the latitude of the moon, hourly motion of planets, duration of lunar eclipses, and lunar motion.  A table for the risings and settings of fixed stars is "rectyfyed to the yere of our Lorde 1540 complete" (f. 17r).  This manuscript was part of Bute MS 13 (formerly f. 101r-120v), followed by another section (formerly f. 124r-141v), now LJS 191, University of Pennsylvania.</marc:subfield>
</marc:datafield>
    <marc:datafield ind1=" " ind2=" " tag="524">
  <marc:subfield code="a">LJS 188</marc:subfield>
</marc:datafield>
    <marc:datafield ind1="0" ind2=" " tag="544">
  <marc:subfield code="n">The fourth part of Bute MS 13 (formerly f. 145r-161v) is HM 60320, The Huntington Library, San Marino, California.</marc:subfield>
</marc:datafield>
    <marc:datafield ind1=" " ind2=" " tag="546">
  <marc:subfield code="a">Middle English.</marc:subfield>
</marc:datafield>
    <marc:datafield ind1="1" ind2=" " tag="561">
  <marc:subfield code="a">Formerly owned by James Alleyn (signature in another part of parent manuscript).</marc:subfield>
</marc:datafield>
    <marc:datafield ind1="1" ind2=" " tag="561">
  <marc:subfield code="a">Parent manuscript formerly held in the library of the Marquesses of Bute, Ms. 13.</marc:subfield>
</marc:datafield>
    <marc:datafield ind1="1" ind2=" " tag="561">
  <marc:subfield code="a">Parent manuscript sold at auction at Sotheby's as part of the Bute collection, 13 June 1983, lot 32 (part 6).</marc:subfield>
</marc:datafield>
    <marc:datafield ind1="1" ind2=" " tag="561">
  <marc:subfield code="a">Appears in H. P. Kraus's cat. 180 (1988), no. 134, and cat. 186 (1991), no. 35.</marc:subfield>
</marc:datafield>
    <marc:datafield ind1="1" ind2=" " tag="561">
  <marc:subfield code="a">Formerly owned by John D. Stanitz (Cleveland, Ohio), Ms. 19.</marc:subfield>
</marc:datafield>
    <marc:datafield ind1="1" ind2=" " tag="561">
  <marc:subfield code="a">Acquired by Lawrence J. Schoenberg with other Stanitz manuscripts, Sept. 1997.</marc:subfield>
</marc:datafield>
    <marc:datafield ind1="1" ind2=" " tag="561">
  <marc:subfield code="a">Deposit by Lawrence J. Schoenberg and Barbara Brizdle, 2011.</marc:subfield>
</marc:datafield>
    <marc:datafield ind1=" " ind2=" " tag="581">
  <marc:subfield code="a">Patricia Deery Kurtz and Linda Ehrsam Voigts.  "The significance of now-dispersed Bute 13: a mixed-language scientific manuscript."  In Communicating early English manuscripts, edited by P&#xE4;ivi Pahta and Andreas H. Jucker, 38-54.  Cambridge: Cambridge University Press, 2011.</marc:subfield>
</marc:datafield>
    <marc:datafield ind1=" " ind2=" " tag="590">
  <marc:subfield code="a">Lawrence J. Schoenberg &amp; Barbara Brizdle Manuscript Initiative.</marc:subfield>
</marc:datafield>
    <marc:datafield ind1=" " ind2="0" tag="650">
  <marc:subfield code="a">Astronomy</marc:subfield>
  <marc:subfield code="v">Early works to 1800.</marc:subfield>
</marc:datafield>
    <marc:datafield ind1=" " ind2="0" tag="650">
  <marc:subfield code="a">Ephemerides</marc:subfield>
  <marc:subfield code="v">Early works to 1800.</marc:subfield>
</marc:datafield>
    <marc:datafield ind1=" " ind2="7" tag="655">
  <marc:subfield code="a">Codices.</marc:subfield>
  <marc:subfield code="2">aat</marc:subfield>
</marc:datafield>
    <marc:datafield ind1=" " ind2="7" tag="655">
  <marc:subfield code="a">manuals (instructional materials)</marc:subfield>
  <marc:subfield code="2">aat</marc:subfield>
</marc:datafield>
    <marc:datafield ind1=" " ind2="7" tag="655">
  <marc:subfield code="a">tables (documents)</marc:subfield>
  <marc:subfield code="2">aat</marc:subfield>
</marc:datafield>
    <marc:datafield ind1=" " ind2="7" tag="655">
  <marc:subfield code="a">Manuscripts, English</marc:subfield>
  <marc:subfield code="y">16th century.</marc:subfield>
  <marc:subfield code="2">local</marc:subfield>
</marc:datafield>
    <marc:datafield ind1=" " ind2="0" tag="655">
  <marc:subfield code="a">Manuscripts, Renaissance.</marc:subfield>
</marc:datafield>
    <marc:datafield ind1="1" ind2=" " tag="700">
  <marc:subfield code="a">Alleyn, James,</marc:subfield>
  <marc:subfield code="e">former owner.</marc:subfield>
</marc:datafield>
    <marc:datafield ind1="1" ind2=" " tag="700">
  <marc:subfield code="a">Stanitz, John D.,</marc:subfield>
  <marc:subfield code="e">former owner.</marc:subfield>
</marc:datafield>
    <marc:datafield ind1="2" ind2=" " tag="710">
  <marc:subfield code="a">Lawrence J. Schoenberg Collection (University of Pennsylvania)</marc:subfield>
  <marc:subfield code="5">PU</marc:subfield>
</marc:datafield>
    <marc:datafield ind1="0" ind2="0" tag="773">
  <marc:subfield code="t">Lawrence J. Schoenberg Collection (University of Pennsylvania)</marc:subfield>
</marc:datafield>
    <marc:datafield ind1=" " ind2=" " tag="852">
  <marc:subfield code="b">Kislak Center for Special Collections, Rare Books and Manuscripts</marc:subfield>
  <marc:subfield code="a">University of Pennsylvania</marc:subfield>
  <marc:subfield code="e">3420 Walnut Street, Philadelphia, Pennsylvania 19104-6206.</marc:subfield>
  <marc:subfield code="j">LJS 188</marc:subfield>
</marc:datafield>
    <marc:datafield ind1="4" ind2="1" tag="856">
  <marc:subfield code="z">Facsimile</marc:subfield>
  <marc:subfield code="u">http://hdl.library.upenn.edu/1017/d/medren/5028998</marc:subfield>
</marc:datafield>
    <marc:datafield ind1="4" ind2="1" tag="856">
  <marc:subfield code="z">Video orientation</marc:subfield>
  <marc:subfield code="u">http://hdl.library.upenn.edu/1017.12/1333434</marc:subfield>
</marc:datafield>
    <marc:datafield ind1="4" ind2="2" tag="856">
  <marc:subfield code="3">The Lawrence J. Schoenberg and Barbara Brizdle Manuscript Initiative Fund Home Page</marc:subfield>
  <marc:subfield code="u">http://hdl.library.upenn.edu/1017.12/366278</marc:subfield>
</marc:datafield>
    <marc:datafield ind1="4" ind2="1" tag="856">
  <marc:subfield code="z">Digital facsimile for browsing (Colenda)</marc:subfield>
  <marc:subfield code="u">https://colenda.library.upenn.edu/catalog/81431-p3m05g</marc:subfield>
</marc:datafield>
    <marc:datafield ind1="4" ind2="1" tag="856">
  <marc:subfield code="z">Digital facsimile for download (OPenn)</marc:subfield>
  <marc:subfield code="u">https://openn.library.upenn.edu/Data/0001/html/ljs188.html</marc:subfield>
</marc:datafield>
    <marc:datafield ind1=" " ind2=" " tag="994">
  <marc:subfield code="a">C0</marc:subfield>
  <marc:subfield code="b">PAULM</marc:subfield>
</marc:datafield>
    <marc:datafield ind1=" " ind2=" " tag="999">
  <marc:subfield code="a">DLA</marc:subfield>
  <marc:subfield code="b">20111014</marc:subfield>
</marc:datafield>
    <marc:holdings>
      <marc:holding>
        <marc:holding_id>22400144720003681</marc:holding_id>
        <marc:call_number>LJS 188</marc:call_number>
        <marc:library>KislakCntr</marc:library>
        <marc:location>scmss</marc:location>
      </marc:holding>
    </marc:holdings>
  </marc:record>
</marc:records>
